<?xml version="1.0" encoding="UTF-8"?><collection xmlns="http://www.loc.gov/MARC21/slim"><record><leader>00422nam--2200133-i-4500</leader><controlfield tag="001">000045367</controlfield><controlfield tag="002">20161230</controlfield><controlfield tag="005">20161230201045</controlfield><controlfield tag="008">060222s1000------------r-----000-0-eng-d</controlfield><datafield ind1=" " ind2=" " tag="080"><subfield code="a">539.171</subfield></datafield><datafield ind1=" " ind2=" " tag="100"><subfield code="a">Tornqvist, Nils A</subfield></datafield><datafield ind1=" " ind2=" " tag="245"><subfield code="a">A new interpretation of the n-n scattering data and the charge independence hypothesis</subfield></datafield><datafield ind1=" " ind2=" " tag="260"><subfield code="a">Helsinki, Research Insatitute For Theoretical Physics, 1967, 14p. + 13fig</subfield></datafield><datafield ind1=" " ind2=" " tag="852"><subfield code="a">25744</subfield></datafield></record></collection>